--------------------/ ABSTRAKT: \--------------------
Educational platforms are being developed to provide highly personalized learning experiences. 
A key component of this personalization is recommendation systems that help to guide learners toward relevant resources. 
This paper seeks to investigate the technological, algorithmic, and pedagogical dimensions of recommendation systems in educational platforms, with a particular view toward one of the largest online learning platforms: Udemy. 
We go behind the scenes of Udemy's hybrid recommendation approach, enumerate the unique challenges of educational recommendations, and look at the system's impact on student engagement and completion rates. 
Lastly, we outline future developments in adaptive, AI-driven learning pathways and privacy-centered recommendation systems for education.
--------------------/ ÚVOD: \--------------------
Vzdelávanie je nám prirodzený ľudský proces ktorý každý jednotlivý z nás prežíva. 
Jedná sa o fyziologický proces ktorého konaním nadobúdame znalosť a skúsenosti v relevatnej oblastí záujmu. 
Preto milióny ľudí každodenne nejakou formou vyhľadávajú rôzne informácie, prihlasujú sa na rôzne vzdelávacie platformy a rozvíjajú svoje schopnosti. 
Čo je vďaka moderným technológiam a širokej dostupnosti a prístupu k sieti, umožnilo vzniknutie nových vzdelávacích platforiem ako je napríklad platforma Udemy. 
Táto vzdelávacia platforma poskytuje široké množstvo vzdelávacieho materiálu, praktických úloh a cvičení z rôznych oblastí vedy, technológie, inžinierstva a matematiky, vrátane obsahu liberálnych vied, ktorý je zverejnený v rôznej podobe a od rôznych inštruktorov. 
Platforma Udemy sa preto stala významným informačným systémom, umožňujúcim používateľom prehľadávať a objavovať vzdelávacie materiály s podporou odporúčacích systémov, ktoré zabezpečujú personalizované vzdelávacie návrhy pre jednotlivcov.
--------------------/ Základné informácie o odporúčacích systémoch vo vzdelávaní: \--------------------
Odporúčacie systémy sa stali neoddeliteľnou súčasťou zapojenia používateľov na online platformách, najmä vo vzdelávacích prostrediach, kde sa ciele a kontexty učenia používateľov značne líšia. 
Tradičné odporúčacie systémy sa rozdeľujú na kolaboratívne filtrovanie, filtrovanie na základe obsahu a hybridné metódy. 
Kolaboratívne filtrovanie využíva správanie používateľov, ako napríklad hodnotenia kurzov alebo interakcie, na identifikáciu vzorcov medzi podobnými používateľmi (Schafer et al., 2007). 
Filtrovanie na základe obsahu sa naopak sústreďuje na atribúty položiek a odporúča obsah, ktorý zodpovedá deklarovaným preferenciám používateľa (Lops et al., 2011).
Vo vzdelávacom prostredí sú široko využívané hybridné odporúčacie systémy vďaka kombinácii kolaboratívnych a obsahovo orientovaných techník. Integrácia hlbokého učenia tieto systémy posilňuje, pretože modeluje komplexné vzťahy medzi používateľom a kurzom a dynamicky sa prispôsobuje správaniu používateľa v priebehu času (Mu, 2018; Zhang et al., 2019). Odporúčacie systémy založené na hlbokom učení predstavujú významný pokrok, pretože umožňujú platformám lepšie zachytiť používateľský zámer a personalizovať odporúčania pre bezproblémový vzdelávací zážitok.